%% This BibTeX bibliography file was created using BibDesk.
%% http://bibdesk.sourceforge.net/


%% Created for Rui Miao at 2014-01-31 16:45:51 -0800 


%% Saved with string encoding Unicode (UTF-8) 



@article{Drawbridge,
	Author = {Porter, Donald E. and Boyd-Wickizer, Silas and Howell, Jon and Olinsky, Reuben and Hunt, Galen C.},
	Date-Added = {2014-02-01 00:45:18 +0000},
	Date-Modified = {2014-02-01 00:45:51 +0000},
	Journal = {SIGARCH Comput. Archit. News},
	Title = {Rethinking the Library OS from the Top Down},
	Year = {2011},
	Bdsk-Url-1 = {http://doi.acm.org/10.1145/1961295.1950399},
	Bdsk-Url-2 = {http://dx.doi.org/10.1145/1961295.1950399}}

@conference{vmware,
	Author = {VMware vSphere Hypervisor},
	Date-Added = {2014-02-01 00:39:03 +0000},
	Date-Modified = {2014-02-01 00:39:56 +0000},
	Title = {http://www.vmware.com/products/vsphere-hypervisor/}}

@conference{changepoint,
	Author = {Basseville, M. and Nikiforov, I.V.},
	Title = {{Detection of Abrupt Changes: Theory and Application}},
	publisher={Prentice Hall Englewood Cliffs},
	Year = {1993}}

@article{scope,
	Author = {Chaiken, Ronnie and Jenkins, Bob and Larson, Per-\AAke and Ramsey, Bill and Shakib, Darren and Weaver, Simon and Zhou, Jingren},
	Journal = {VLDB'08},
	Title = {{SCOPE: Easy and Efficient Parallel Processing of Massive Data Sets}},
	Bdsk-Url-1 = {http://dl.acm.org/citation.cfm?id=1454159.1454166}}

@conference{Gartner,
	Author = {Gartner},
	Title = "\url{http://www.gartner.com/newsroom/id/2562415}",
	Year = {2013}}

@inproceedings{Sylvia2011,
	Author = {Dobrescu, Mihai and Argyraki, Katerina and Ratnasamy, Sylvia},
	Date-Added = {2014-01-31 23:14:22 +0000},
	Date-Modified = {2014-01-31 23:54:34 +0000},
	Series = {NSDI'12},
	Title = {Toward Predictable Performance in Software Packet-processing Platforms},
	Year = {2012},
	Bdsk-Url-1 = {http://dl.acm.org/citation.cfm?id=2228298.2228313}}

@misc{Prolexic,
	howpublished = "\url{http://goo.gl/lIyRmK}",
	Date-Added = {2014-01-31 22:56:37 +0000},
	Date-Modified = {2014-01-31 22:57:58 +0000},
	Title = {Q4 2013 Global DDoS Attack Report},
	Year = {2013}}

@conference{ADC,
	Author = {F5 Networks},
	Booktitle = {http://goo.gl/A3b2Q},
	Date-Added = {2014-01-31 21:29:51 +0000},
	Date-Modified = {2014-01-31 21:32:16 +0000},
	Title = {2011 ADC Security Survey Global Findings},
	Year = {2011}}

@article{autoscale,
	Acmid = {2382556},
	Address = {New York, NY, USA},
	Articleno = {14},
	Author = {Gandhi, Anshul and Harchol-Balter, Mor and Raghunathan, Ram and Kozuch, Michael A.},
	Doi = {10.1145/2382553.2382556},
	Issn = {0734-2071},
	Issue_Date = {November 2012},
	Journal = {TCS},
	Keywords = {Data centers, power management, resource provisioning},
	Title = {{AutoScale: Dynamic, Robust Capacity Management for Multi-Tier Data Centers}},
	Year = {2012},
	Bdsk-Url-1 = {http://doi.acm.org/10.1145/2382553.2382556},
	Bdsk-Url-2 = {http://dx.doi.org/10.1145/2382553.2382556}}

@inproceedings{tide,
	Author = {Meng, Shicong and Liu, Ling and Soundararajan, Vijayaraghavan},
	Booktitle = {MCIT},
	Title = {{Tide: Achieving Self-Scaling in Virtualized Datacenter Management Middleware}},
	Year = {2010},
	Bdsk-Url-1 = {http://doi.acm.org/10.1145/1891719.1891722},
	Bdsk-Url-2 = {http://dx.doi.org/10.1145/1891719.1891722}}

@inproceedings{Caballero2011,
	Author = {Caballero, Juan and Grier, Chris and Kreibich, Christian and Paxson, Vern},
	Series = {USENIX SEC},
	year={2011},
	Title = {{Measuring Pay-Per-Install: The Commoditization of Malware Distribution}}}

@inproceedings{Bandhakavi2007,
	Author = {Bandhakavi, Sruthi and Bisht, Prithvi and Madhusudan, P. and Venkatakrishnan, V. N.},
	year={2007},
	Series = {ACM CCS},
	Title = {{CANDID: Preventing SQL Injection Attacks Using Dynamic Candidate Evaluations}}}

@inproceedings{Javed2013,
	Author = {Javed, Mobin and Paxson, Vern},
	Series = {CCS},
	year={2013},
	Title = {{Detecting Stealthy, Distributed SSH Brute-forcing}}
}

@inproceedings{Allman2007,
	Author = {Allman, Mark and Paxson, Vern and Terrell, Jeff},
	Series = {IMC},
	Title = {{A Brief History of Scanning}},
	Year = {2007}
}

@article{Moore2006,
	Author = {Moore, David and Shannon, Colleen and Brown, Douglas J. and others},
	Journal = {TCS},
	Keywords = {Backscatter, denial-of-service, network measurement, network security},
	Title = {{Inferring Internet Denial-Of-Service Activity}},
	Year = {2006},
	Bdsk-Url-1 = {http://doi.acm.org/10.1145/1132026.1132027},
	Bdsk-Url-2 = {http://dx.doi.org/10.1145/1132026.1132027}}

@manual{peakflow,
	Date-Added = {2014-01-31 08:35:54 +0000},
	Date-Modified = {2014-01-31 08:35:54 +0000},
	File = F,
	Note = {http://www.arbornetworks.com},
	Organization = {Arbor Networks},
	Title = {{The} {Peakflow} {Platform}}}

@techreport{measurement:techrep,
	Author = {Moshref, M. and Yu, M. and Govindan, R.},
	Note = {\url{http://goo.gl/LuHDgK}},
	Title = {{Online Resource Allocation for Measurement Tasks in Data Centers}},
	Year = {2013}}

@inproceedings{opensketch,
	Author = {Yu, Minlan and Jose, Lavanya and Miao, Rui},
	Booktitle = {NSDI},
	Title = {{Software Defined Traffic Measurement with OpenSketch}},
	Year = {2013}}

@inproceedings{csamp,
	Author = {Sekar, Vyas and Reiter, Michael K and others},
	Booktitle = {NSDI},
	Title = {{CSAMP: A System for Network-Wide Flow Monitoring}},
	Year = {2008}}

@inproceedings{minimalist,
	Author = {Sekar, Vyas and Reiter, Michael K. and Zhang, Hui},
	Booktitle = {IMC},
	Date-Added = {2014-01-30 09:00:55 +0000},
	Date-Modified = {2014-01-30 09:00:55 +0000},
	Title = {{Revisiting the Case for a Minimalist Approach for Network Flow Monitoring}},
	Year = {2010}}

@article{caballero2011measuring,
	Author = {Caballero, Juan and Grier, Chris and Kreibich, Christian and Paxson, Vern},
	Journal = {USENIX SEC},
	Title = {{Measuring Pay-Per-Install: The Commoditization of Malware Distribution}},
	Year = {2011}}

@inproceedings{tds,
	Author = {Li, Zhou and Alrwais, Sumayah and others},
	Booktitle = {IEEE S\&P},
	Title = {{Finding the Linchpins of the Dark Web: A Study on Topologically Dedicated Hosts on Malicious Web Infrastructures}},
	Year = {2013}}

@inproceedings{feamster-2006-sigcomm,
	Author = {Ramachandran, Anirudh and Feamster, Nick},
	Series = {Sigcomm CCR},
	Title = {{Understanding the Network-Level Behavior of Spammers}},
	Year = {2006}}

@misc{darkreading,
	Howpublished = {\url{http://goo.gl/TU0fE0}},
	Year = 2013}

@misc{juno,
	Howpublished = {\url{http://goo.gl/i1Qodc}},
	Title = {juno.c},
	Year = 2013}

@misc{quova,
	Howpublished = {\url{http://www.quova.com}},
	Title = {Quova},
	Year = 2013}

@inproceedings{grier12manufacturing,
	Author = {Grier, Chris and Ballard, Lucas and others},
	Booktitle = {CCS},
	Title = {{Manufacturing Compromise: The Emergence of Exploit-As-A-Service}},
	Year = {2012}}

@inproceedings{kanich11show,
	Author = {Kanich, Chris and Weavery, Nicholas and others},
	Booktitle = {USENIX SEC},
	Title = {{Show Me the Money: Characterizing Spam-Advertised Revenue}},
	Year = {2011}}

@misc{wikileaks,
	Author = {The Telegraph},
	Howpublished = {\url{http://goo.gl/zQvVIW}},
	Title = {Wikileaks: Amazon taken offline in suspected hacktivist attack},
	Year = 2011}

@inproceedings{tasterchoice,
	Author = {Pitsillidis, Andreas and Kanich, Chris and others},
	Booktitle = {IMC},
	Title = {{Taster's Choice: A Comparative Analysis of Spam Feeds}},
	Year = {2012}}

@inproceedings{booth13cloud,
	Author = {Booth, Gehana and Soknacki, Andrew and Somayaji, Anil},
	Booktitle = {ASIA},
	Title = {{Cloud Security: Attacks and Current Defenses}},
	Year = {2013}}

@article{stone2011underground,
	Author = {Stone-Gross, Brett and Holz, Thorsten and Stringhini, Gianluca and Vigna, Giovanni},
	Journal = {USENIX Workshop on Large-Scale Exploits and Emergent Threats (LEET)},
	Title = {The underground economy of Spam: A botmaster's perspective of coordinating large-scale Spam campaigns},
	Year = {2011}}

@inproceedings{kuzmanovic2003low,
	Author = {Kuzmanovic, Aleksandar and Knightly, Edward W},
	Booktitle = {ACM ATAPCC},
	Title = {{Low-Rate TCP-targeted Denial of Service Attacks: The Shrew vs. The Mice and Elephants}},
	Year = {2003}}

@misc{zmeu,
	Author = {Alexis Wilke},
	Howpublished = {\url{http://goo.gl/MaoCAi}},
	Title = {{Attack by ZmEu}},
	Year = 2013}

@misc{mysqlattack,
	Author = {Moscoritolo, Angela and Raywood, Dan},
	Howpublished = {\url{http://goo.gl/LZ2a0U}},
	Title = {MySQL hack leads to BlackHole exploit},
	Year = 2013}

@misc{googlesecurityreport,
	Author = {Google},
	Howpublished = {\url{http://goo.gl/mZQeG4}},
	Title = {{Malware Distribution by Autonomous System}},
	Year = 2013}

@misc{EC2,
  title={Amazon web services},
  author={Cloud, Amazon Elastic Compute},
  howpublished="\url{http://aws.amazon.com/}",
  year={2011}
}
@misc{OVH,
  title={OVH.CO.UK Web hosting solutions},
  author={OVH},
  howpublished="\url{http://www.ovh.co.uk/}",
  year={2014}
}

@misc{arborworldwideinfrasecurityreport,
	Author = {{Arbor Networks}},
	Howpublished = {\url{http://goo.gl/15oOx3}},
	Month = {February},
	Title = {{Insight Into the Global Threat Landscape}},
	Year = 2013}

@inproceedings{gruschka2010attack,
	Author = {Gruschka, Nils and Jensen, Meiko},
	Booktitle = {Cloud Computing (CLOUD), 2010 IEEE 3rd International Conference on},
	Organization = {IEEE},
	Pages = {276--279},
	Title = {Attack surfaces: A taxonomy for attacks on cloud services},
	Year = {2010}}

@inproceedings{bakshi2010securing,
	Author = {Bakshi, Aman and Yogesh, B},
	Booktitle = {Communication Software and Networks, 2010. ICCSN'10. Second International Conference on},
	Organization = {IEEE},
	Pages = {260--264},
	Title = {Securing cloud from ddos attacks using intrusion detection system in virtual machine},
	Year = {2010}}

@book{zhuge2009studying,
	Author = {Zhuge, Jianwei and Holz, Thorsten and Song, Chengyu and Guo, Jinpeng and Han, Xinhui and Zou, Wei},
	Publisher = {Springer},
	Title = {Studying malicious websites and the underground economy on the Chinese web},
	Year = {2009}}

@inproceedings{franklin2007inquiry,
	Author = {Franklin, Jason and Perrig, Adrian and Paxson, Vern and Savage, Stefan},
	Booktitle = {ACM conference on Computer and communications security},
	Pages = {375--388},
	Title = {An inquiry into the nature and causes of the wealth of internet miscreants.},
	Year = {2007}}

@incollection{masud2007feature,
	Author = {Masud, Mohammad M and Khan, Latifur and Thuraisingham, Bhavani},
	Booktitle = {Advances in Knowledge Discovery and Data Mining},
	Pages = {205--216},
	Publisher = {Springer},
	Title = {Feature based techniques for auto-detection of novel email worms},
	Year = {2007}}

@inproceedings{levchenko2011click,
	Author = {Levchenko, Kirill and Pitsillidis, Andreas and others},
	Booktitle = {IEEE S\&P},
	Title = {{Click Trajectories: End-To-End Analysis of the Spam Value Chain}}}

@inproceedings{leontiadis2011measuring,
	Author = {Leontiadis, Nektarios and Moore, Tyler and Christin, Nicolas},
	Booktitle = {USENIX SEC},
	Title = {{Measuring and Analyzing Search-Redirection Attacks in the Illicit Online Prescription Drug Trade}},
	Year = {2011}}

@inproceedings{kanich2008spamalytics,
	Author = {Kanich, Chris and Kreibich, Christian and Levchenko, Kirill and Enright, Brandon and Voelker, Geoffrey M and Paxson, Vern and Savage, Stefan},
	Booktitle = {Proceedings of the 15th ACM conference on Computer and communications security},
	Organization = {ACM},
	Pages = {3--14},
	Title = {Spamalytics: An empirical analysis of spam marketing conversion},
	Year = {2008}}

@inproceedings{moore2007examining,
	Author = {Moore, Tyler and Clayton, Richard},
	Booktitle = {eCrime Researchers Summit},
	Title = {{Examining the Impact of Website Take-Down on Phishing}},
	Year = {2007}}

@incollection{cambiaso2012taxonomy,
  title={{Taxonomy of Slow DoS Attacks to Web Applications}},
  author={Cambiaso, Enrico and Papaleo, Gianluca and Aiello, Maurizio},
  booktitle={TCNDSS},
  year={2012},
  publisher={Springer}
}
@inproceedings{pitsillidis2010botnet,
	Author = {Pitsillidis, Andreas and Levchenko, Kirill and others},
	Booktitle = {NDSS},
	Title = {{Botnet Judo: Fighting Spam With Itself}},
	Year = {2010}}

@inproceedings{xie2008spamming,
	Author = {Xie, Yinglian and Yu, Fang and Achan, Kannan and others},
	Booktitle = {Sigcomm CCR},
	Title = {{Spamming Botnets: Signatures and Characteristics}},
	Year = {2008}}

@inproceedings{john2009studying,
	Author = {John, John P and Moshchuk, Alexander and Gribble, Steven D and Krishnamurthy, Arvind},
	Booktitle = {NSDI},
	Title = {{Studying Spamming Botnets Using Botlab}},
	Year = {2009}}

@article{androutsopoulos2000evaluation,
	Author = {Androutsopoulos, Ion and Koutsias, John and Chandrinos, Konstantinos V and Paliouras, George and Spyropoulos, Constantine D},
	Journal = {arXiv preprint cs/0006013},
	Title = {{An Evaluation of Naive Bayesian Anti-Spam Filtering}},
	Year = {2000}}

@article{carreras2001boosting,
	Author = {Carreras, Xavier and Marquez, Lluis},
	Journal = {arXiv preprint cs/0109015},
	Title = {{Boosting Trees for Anti-Spam Email Filtering}},
	Year = {2001}}

@inproceedings{lo2010cooperative,
	Author = {Lo, Chi-Chun and Huang, Chun-Chieh and Ku, Joy},
	Booktitle = {ICPPW},
	Title = {{A Cooperative Intrusion Detection System Framework for Cloud Computing Networks}},
	Year = {2010}}

@article{vieira2010intrusion,
	Author = {Vieira, Kleber and Schulter, Alexandre and Westphall, Carlos Becker and Westphall, Carla Merkle},
	Journal = {ITP},
	Title = {{Intrusion Detection for Grid and Cloud Computing}},
	Year = {2010}}

@inproceedings{leu2005integrating,
	Author = {Leu, Fang-Yie and Lin, Jia-Chun and Li, Ming-Chang and Yang, Chao-Tung and Shih, Po-Chi},
	Booktitle = {Advanced Information Networking and Applications, 2005. AINA 2005. 19th International Conference on},
	Organization = {IEEE},
	Pages = {304--309},
	Title = {Integrating grid with intrusion detection},
	Volume = {1},
	Year = {2005}}

@inproceedings{vulimiri2012well,
	Author = {Vulimiri, Ashish and Agha, Gul A and Godfrey, Philip Brighten and Lakshminarayanan, Karthik},
	Booktitle = {ACM SIGMETRICS Performance Evaluation Review},
	Number = {1},
	Organization = {ACM},
	Pages = {137--150},
	Title = {How well can congestion pricing neutralize denial of service attacks?},
	Volume = {40},
	Year = {2012}}

@inproceedings{jin2003hop,
	Author = {Jin, Cheng and Wang, Haining and Shin, Kang G},
	Booktitle = {Proceedings of the 10th ACM conference on Computer and communications security},
	Organization = {ACM},
	Pages = {30--41},
	Title = {Hop-count filtering: an effective defense against spoofed DDoS traffic},
	Year = {2003}}

@inproceedings{argyraki2008can,
	Author = {Argyraki, Katerina and Baset, Salman and Chun, Byung-Gon and Fall, Kevin and Iannaccone, Gianluca and Knies, Allan and Kohler, Eddie and Manesh, Maziar and Nedevschi, Sergiu and Ratnasamy, Sylvia},
	Booktitle = {Proceedings of the ACM workshop on Programmable routers for extensible services of tomorrow},
	Organization = {ACM},
	Pages = {21--26},
	Title = {Can software routers scale?},
	Year = {2008}}

@inproceedings{dobrescu2009routebricks,
	Author = {Dobrescu, Mihai and Egi, Norbert and Argyraki, Katerina and Chun, Byung-Gon and Fall, Kevin and Iannaccone, Gianluca and Knies, Allan and Manesh, Maziar and Ratnasamy, Sylvia},
	Booktitle = {Proceedings of the ACM SIGOPS 22nd symposium on Operating systems principles},
	Organization = {ACM},
	Pages = {15--28},
	Title = {RouteBricks: exploiting parallelism to scale software routers},
	Year = {2009}}

@inproceedings{abu2006multifaceted,
	Author = {Abu Rajab, Moheeb and Zarfoss, Jay and Monrose, Fabian and Terzis, Andreas},
	Booktitle = {IMC},
	Title = {{A Multifaceted Approach to Understanding the Botnet Phenomenon}},
	Year = {2006}}

@article{gouda2002hop,
	Author = {Gouda, Mohamed G and Elnozahy, EN and Huang, Chin-Tser and McGuire, Tommy M},
	Journal = {IEEE/ACM Transactions on Networking (TON)},
	Publisher = {IEEE Press},
	Title = {Hop integrity in computer networks},
	Year = {2002}}

@misc{kent1998security,
	Author = {Kent, Stephen and Atkinson, Randall},
	Publisher = {RFC 2401, november},
	Title = {Security architecture for the internet protocol},
	Year = {1998}}

@article{yau2005defending,
	Author = {Yau, David KY and Lui, John and Liang, Feng and Yam, Yeung},
	Journal = {IEEE/ACM Transactions on Networking (TON)},
	Number = {1},
	Pages = {29--42},
	Publisher = {IEEE Press},
	Title = {Defending against distributed denial-of-service attacks with max-min fair server-centric router throttles},
	Volume = {13},
	Year = {2005}}

@article{mahajan2002controlling,
	Author = {Mahajan, Ratul and Bellovin, Steven M and Floyd, Sally and Ioannidis, John and Paxson, Vern and Shenker, Scott},
	Journal = {ACM SIGCOMM Computer Communication Review},
	Number = {3},
	Pages = {62--73},
	Publisher = {ACM},
	Title = {Controlling high bandwidth aggregates in the network},
	Volume = {32},
	Year = {2002}}

@article{bellovin2003icmp,
	Author = {Bellovin, Steven Michael and Leech, Marcus and Taylor, Tom},
	Publisher = {Internet Engineering Task Force},
	Title = {ICMP traceback messages},
	Year = {2003}}

@article{savage2000practical,
	Author = {Savage, Stefan and Wetherall, David and Karlin, Anna and Anderson, Tom},
	Journal = {ACM SIGCOMM Computer Communication Review},
	Number = {4},
	Pages = {295--306},
	Publisher = {ACM},
	Title = {Practical network support for IP traceback},
	Volume = {30},
	Year = {2000}}

@inproceedings{yaar2004siff,
	Author = {Yaar, Abraham and Perrig, Adrian and Song, Dawn},
	Booktitle = {Security and Privacy, 2004. Proceedings. 2004 IEEE Symposium on},
	Organization = {IEEE},
	Pages = {130--143},
	Title = {SIFF: A stateless Internet flow filter to mitigate DDoS flooding attacks},
	Year = {2004}}

@article{chuah2003dcap,
	Author = {Chuah, Chen-Nee and Subramanian, Lakshminarayanan and Katz, Randy H},
	Journal = {ACM SIGCOMM Computer Communication Review},
	Number = {5},
	Pages = {5--18},
	Publisher = {ACM},
	Title = {Dcap: detecting misbehaving flows via collaborative aggregate policing},
	Volume = {33},
	Year = {2003}}

@inproceedings{kargl2001protecting,
	Author = {Kargl, Frank and Maier, Joern and Weber, Michael},
	Booktitle = {Proceedings of the 10th international conference on World Wide Web},
	Organization = {ACM},
	Pages = {514--524},
	Title = {Protecting web servers from distributed denial of service attacks},
	Year = {2001}}

@inproceedings{roschke2009intrusion,
	Author = {Roschke, Sebastian and Cheng, Feng and Meinel, Christoph},
	Booktitle = {Dependable, Autonomic and Secure Computing, 2009. DASC'09. Eighth IEEE International Conference on},
	Organization = {IEEE},
	Pages = {729--734},
	Title = {Intrusion detection in the cloud},
	Year = {2009}}

@article{estan2003new,
	Author = {Estan, Cristian and Varghese, George},
	Journal = {ACM TOCS},
	Title = {{New Directions in Traffic Measurement and Accounting: Focusing on the Elephants, Ignoring the Mice}},
	Year = {2003}}

@inproceedings{ranjan2006ddos,
	Author = {Ranjan, Supranamaya and Swaminathan, Ram and Uysal, Mustafa and Knightly, Edward W},
	Booktitle = {INFOCOM},
	Title = {{DDoS-Resilient Scheduling to Counter Application Layer Attacks Under Imperfect Detection}},
	Year = {2006}}

@inproceedings{kandula2005botz,
	Author = {Kandula, Srikanth and Katabi, Dina and Jacob, Matthias and Berger, Arthur},
	Booktitle = {NSDI},
	year={2005},
	Title = {{Botz-4-Sale: Surviving Organized DDoS Attacks That Mimic Flash Crowds}}}

@inproceedings{sekar2006lads,
	Author = {Sekar, Vyas and Duffield, Nick G and others},
	Booktitle = {USENIX ATC},
	Title = {{LADS: Large-Scale Automated DDoS Detection System}},
	Year = {2006}}

@inproceedings{anagnostakis2005detecting,
	Author = {Anagnostakis, Kostas G and Sidiroglou, Stelios and others},
	Booktitle = {USENIX SEC},
	Title = {{Detecting Targeted Attacks Using Shadow Honeypots}},
	Year = {2005}}

@inproceedings{spitzner2003honeypots,
	Author = {Spitzner, Lance},
	Booktitle = {ACSAC},
	Title = {{Honeypots: Catching the Insider Threat}},
	Year = {2003}}

@article{mirkovic2004taxonomy,
	Author = {Mirkovic, Jelena and Reiher, Peter},
	Journal = {Sigcomm CCR},
	Title = {{A Taxonomy of DDoS Attack and DDoS Defense Mechanisms}},
	Year = {2004}}

@inproceedings{potharaju2013juggling,
	Author = {Potharaju, Rahul and Jain, Navendu and Nita-Rotaru, Cristina},
	Booktitle = {NSDI'13},
	Date-Modified = {2014-02-01 00:04:46 +0000},
	Title = {Juggling the jigsaw: Towards automated problem inference from network trouble tickets}}

@inproceedings{feng2006ghids,
	Author = {Feng, Guofu and Dong, Xiaoshe and Liu, Weizhe and Chu, Ying and Li, Junyang},
	Booktitle = {Services Computing, 2006. APSCC'06. IEEE Asia-Pacific Conference on},
	Organization = {IEEE},
	Pages = {526--533},
	Title = {GHIDS: Defending computational grids against misusing of shared resources},
	Year = {2006}}

@incollection{kenny2005towards,
	Author = {Kenny, Stuart and Coghlan, Brian},
	Booktitle = {Advances in Grid Computing-EGC 2005},
	Pages = {275--284},
	Publisher = {Springer},
	Title = {Towards a grid-wide intrusion detection system},
	Year = {2005}}

@misc{sonyattack,
	Author = {Bloomberg},
	Howpublished = {\url{http://goo.gl/3WiAaj}},
	Month = {May},
	Title = {{Sony Network Breach Shows Amazon Clould's Appeal for Hackers}},
	Year = 2011}

@misc{gartnerstudy,
	Author = {Gartner Inc},
	Howpublished = {\url{http://goo.gl/3mNa6U}},
	Month = {February},
	Title = {{Gartner Says Worldwide Public Cloud Services Market to Total 131 Billion Dollars}},
	Year = 2013}

@misc{csc,
	Author = {Arbor Networks},
	Howpublished = {\url{http://goo.gl/DYoz6Z}},
	Month = {February},
	Title = {{A Coordinated, Collaborative Approach to DDoS Mitigation}},
	Year = 2013}

@inproceedings{Patel13,
	Author = {Patel, Parveen and Bansal, Deepak and others},
	Booktitle = {Sigcomm},
	Title = {{Ananta: Cloud Scale Load Balancing}},
	Year = {2013}}
